% This file was created with JabRef 2.7.2.
% Encoding: ISO8859_1

@INPROCEEDINGS{Weil:2007:Rados,
  author = {Weil, Sage A. and Leung, Andrew W. and Brandt, Scott A. and Maltzahn,
	Carlos},
  title = {RADOS: a scalable, reliable storage service for petabyte-scale storage
	clusters},
  booktitle = {Proceedings of the 2nd international workshop on Petascale data storage:
	held in conjunction with Supercomputing '07},
  year = {2007},
  series = {PDSW '07},
  pages = {35--44},
  address = {New York, NY, USA},
  publisher = {ACM},
  acmid = {1374606},
  doi = {10.1145/1374596.1374606},
  isbn = {978-1-59593-899-2},
  keywords = {clustered storage, object-based storage, petabyte-scale storage},
  location = {Reno, Nevada},
  numpages = {10},
  url = {http://doi.acm.org/10.1145/1374596.1374606}
}

@INPROCEEDINGS{Weil:2006:Crush,
  author = {Weil, Sage A. and Brandt, Scott A. and Miller, Ethan L. and Maltzahn,
	Carlos},
  title = {CRUSH: controlled, scalable, decentralized placement of replicated
	data},
  booktitle = {Proceedings of the 2006 ACM/IEEE conference on Supercomputing},
  year = {2006},
  series = {SC '06},
  address = {New York, NY, USA},
  publisher = {ACM},
  acmid = {1188582},
  articleno = {122},
  doi = {10.1145/1188455.1188582},
  isbn = {0-7695-2700-0},
  location = {Tampa, Florida},
  url = {http://doi.acm.org/10.1145/1188455.1188582}
}

@INPROCEEDINGS{Weil:2006:Ceph,
  author = {Weil, Sage A. and Brandt, Scott A. and Miller, Ethan L. and Long,
	Darrell D. E. and Maltzahn, Carlos},
  title = {Ceph: a scalable, high-performance distributed file system},
  booktitle = {Proceedings of the 7th symposium on Operating systems design and
	implementation},
  year = {2006},
  series = {OSDI '06},
  pages = {307--320},
  address = {Berkeley, CA, USA},
  publisher = {USENIX Association},
  acmid = {1298485},
  isbn = {1-931971-47-1},
  location = {Seattle, Washington},
  numpages = {14},
  url = {http://dl.acm.org/citation.cfm?id=1298455.1298485}
}

@INPROCEEDINGS{Weil:2004:dynamic,
  author = {Weil, Sage A and Pollack, Kristal T and Brandt, Scott A and Miller,
	Ethan L},
  title = {Dynamic metadata management for petabyte-scale file systems},
  booktitle = {Proceedings of the 2004 ACM/IEEE conference on Supercomputing},
  year = {2004},
  pages = {4},
  organization = {IEEE Computer Society}
}

